@misc{zlokapa2020deep,
      title={A deep learning model for noise prediction on near-term quantum devices}, 
      author={Alexander Zlokapa and Alexandru Gheorghiu},
      year={2020},
      eprint={2005.10811},
      archivePrefix={arXiv},
      primaryClass={quant-ph}
}

@article{Shor_1997,
	doi = {10.1137/s0097539795293172},
	url = {https://doi.org/10.1137%2Fs0097539795293172},
	year = 1997,
	month = {10},
	publisher = {Society for Industrial {\&} Applied Mathematics ({SIAM})},
	volume = {26},
	number = {5},
	pages = {1484--1509},
	author = {Peter W. Shor},
	title = {Polynomial-Time Algorithms for Prime Factorization and Discrete Logarithms on a Quantum Computer},
	journal = {{SIAM} Journal on Computing}
}

@misc{grover1996fast,
      title={A fast quantum mechanical algorithm for database search}, 
      author={Lov K. Grover},
      year={1996},
      eprint={quant-ph/9605043},
      archivePrefix={arXiv},
      primaryClass={quant-ph}
}

@article{Zhong_2020,
	doi = {10.1126/science.abe8770},
	url = {https://doi.org/10.1126%2Fscience.abe8770},
	year = 2020,
	month = {12},
	publisher = {American Association for the Advancement of Science ({AAAS})},
	volume = {370},
	number = {6523},
	pages = {1460--1463},
	author = {Han-Sen Zhong and Hui Wang and Yu-Hao Deng and Ming-Cheng Chen and Li-Chao Peng and Yi-Han Luo and Jian Qin and Dian Wu and Xing Ding and Yi Hu and Peng Hu and Xiao-Yan Yang and Wei-Jun Zhang and Hao Li and Yuxuan Li and Xiao Jiang and Lin Gan and Guangwen Yang and Lixing You and Zhen Wang and Li Li and Nai-Le Liu and Chao-Yang Lu and Jian-Wei Pan},
	title = {Quantum computational advantage using photons},
	journal = {Science}
}

@article{Preskill_2018,
	doi = {10.22331/q-2018-08-06-79},
	url = {https://doi.org/10.22331%2Fq-2018-08-06-79},
	year = 2018,
	month = {8},
	publisher = {Verein zur Forderung des Open Access Publizierens in den Quantenwissenschaften},
	volume = {2},
	pages = {79},
	author = {John Preskill},
	title = {Quantum Computing in the {NISQ} era and beyond},
	journal = {Quantum}
}

@INPROCEEDINGS{inproceedings_caracterization,
  author={Wood, Christopher J.},
  booktitle={2020 IEEE 38th International Conference on Computer Design (ICCD)}, 
  title={Special Session: Noise Characterization and Error Mitigation in Near-Term Quantum Computers}, 
  year={2020},
  volume={},
  number={},
  pages={13-16},
  keywords={Computers;Quantum computing;Software libraries;Logic gates;Superconducting device noise;Noise measurement;Software measurement;quantum computing;software;characterization;verification;error mitigation},
  doi={10.1109/ICCD50377.2020.00016}}

@article{PhysRevA.104.062432,
  title = {Modeling and simulating the noisy behavior of near-term quantum computers},
  author = {Georgopoulos, Konstantinos and Emary, Clive and Zuliani, Paolo},
  journal = {Phys. Rev. A},
  volume = {104},
  issue = {6},
  pages = {062432},
  numpages = {14},
  year = {2021},
  month = {12},
  publisher = {American Physical Society},
  doi = {10.1103/PhysRevA.104.062432},
  url = {https://link.aps.org/doi/10.1103/PhysRevA.104.062432}
}


@article{PhysRevLett.121.090502,
  title = {Fluctuations of Energy-Relaxation Times in Superconducting Qubits},
  author = {Klimov, P. V. and Kelly, J. and Chen, Z. and Neeley, M. and Megrant, A. and Burkett, B. and Barends, R. and Arya, K. and Chiaro, B. and Chen, Yu and Dunsworth, A. and Fowler, A. and Foxen, B. and Gidney, C. and Giustina, M. and Graff, R. and Huang, T. and Jeffrey, E. and Lucero, Erik and Mutus, J. Y. and Naaman, O. and Neill, C. and Quintana, C. and Roushan, P. and Sank, Daniel and Vainsencher, A. and Wenner, J. and White, T. C. and Boixo, S. and Babbush, R. and Smelyanskiy, V. N. and Neven, H. and Martinis, John M.},
  journal = {Phys. Rev. Lett.},
  volume = {121},
  issue = {9},
  pages = {090502},
  numpages = {5},
  year = {2018},
  month = {8},
  publisher = {American Physical Society},
  doi = {10.1103/PhysRevLett.121.090502},
  url = {https://link.aps.org/doi/10.1103/PhysRevLett.121.090502}
}

@article{article_knill,
author = {Knill, E},
year = {2005},
month = {04},
pages = {39-44},
title = {Quantum computing with realistically noisy devices},
volume = {434},
journal = {Nature},
doi = {10.1038/nature03350}
}

@article{PRXQuantum.2.040326,
  title = {Scalable Mitigation of Measurement Errors on Quantum Computers},
  author = {Nation, Paul D. and Kang, Hwajung and Sundaresan, Neereja and Gambetta, Jay M.},
  journal = {PRX Quantum},
  volume = {2},
  issue = {4},
  pages = {040326},
  numpages = {9},
  year = {2021},
  month = {11},
  publisher = {American Physical Society},
  doi = {10.1103/PRXQuantum.2.040326},
  url = {https://link.aps.org/doi/10.1103/PRXQuantum.2.040326}
}

@article{PhysRevA.105.062404,
  title = {Measurement error mitigation in quantum computers through classical bit-flip correction},
  author = {Funcke, Lena and Hartung, Tobias and Jansen, Karl and K\"uhn, Stefan and Stornati, Paolo and Wang, Xiaoyang},
  journal = {Phys. Rev. A},
  volume = {105},
  issue = {6},
  pages = {062404},
  numpages = {24},
  year = {2022},
  month = {6},
  publisher = {American Physical Society},
  doi = {10.1103/PhysRevA.105.062404},
  url = {https://link.aps.org/doi/10.1103/PhysRevA.105.062404}
}

@article{PhysRevX.8.021054,
  title = {High-Threshold Fault-Tolerant Quantum Computation with Analog Quantum Error Correction},
  author = {Fukui, Kosuke and Tomita, Akihisa and Okamoto, Atsushi and Fujii, Keisuke},
  journal = {Phys. Rev. X},
  volume = {8},
  issue = {2},
  pages = {021054},
  numpages = {12},
  year = {2018},
  month = {5},
  publisher = {American Physical Society},
  doi = {10.1103/PhysRevX.8.021054},
  url = {https://link.aps.org/doi/10.1103/PhysRevX.8.021054}
}

@inproceedings{10.1145/3352460.3358265,
author = {Tannu, Swamit S. and Qureshi, Moinuddin K.},
title = {Mitigating Measurement Errors in Quantum Computers by Exploiting State-Dependent Bias},
year = {2019},
isbn = {9781450369381},
publisher = {Association for Computing Machinery},
address = {New York, NY, USA},
url = {https://doi.org/10.1145/3352460.3358265},
doi = {10.1145/3352460.3358265},
booktitle = {Proceedings of the 52nd Annual IEEE/ACM International Symposium on Microarchitecture},
pages = {279–290},
numpages = {12},
keywords = {NISQ, Quantum Compilers, Correlated Errors},
location = {Columbus, OH, USA},
series = {MICRO '52}
}

@article{Sopena_2021,
doi = {10.1088/2058-9565/ac0e7a},
url = {https://dx.doi.org/10.1088/2058-9565/ac0e7a},
year = {2021},
month = {7},
publisher = {IOP Publishing},
volume = {6},
number = {4},
pages = {045003},
author = {Alejandro Sopena and Max Hunter Gordon and Germán Sierra and Esperanza López},
title = {Simulating quench dynamics on a digital quantum computer with data-driven error mitigation},
journal = {Quantum Science and Technology},
}


@article{PRXQuantum.2.040330,
  title = {Learning-Based Quantum Error Mitigation},
  author = {Strikis, Armands and Qin, Dayue and Chen, Yanzhu and Benjamin, Simon C. and Li, Ying},
  journal = {PRX Quantum},
  volume = {2},
  issue = {4},
  pages = {040330},
  numpages = {30},
  year = {2021},
  month = {11},
  publisher = {American Physical Society},
  doi = {10.1103/PRXQuantum.2.040330},
  url = {https://link.aps.org/doi/10.1103/PRXQuantum.2.040330}
}

@article{PhysRevA.86.032324,
  title = {Surface codes: Towards practical large-scale quantum computation},
  author = {Fowler, Austin G. and Mariantoni, Matteo and Martinis, John M. and Cleland, Andrew N.},
  journal = {Phys. Rev. A},
  volume = {86},
  issue = {3},
  pages = {032324},
  numpages = {48},
  year = {2012},
  month = {9},
  publisher = {American Physical Society},
  doi = {10.1103/PhysRevA.86.032324},
  url = {https://link.aps.org/doi/10.1103/PhysRevA.86.032324}
}


@article{Varsamopoulos_2017,
	doi = {10.1088/2058-9565/aa955a},
	url = {https://doi.org/10.1088%2F2058-9565%2Faa955a},
	year = 2017,
	month = {11},
	publisher = {{IOP} Publishing},
	volume = {3},
	number = {1},
	pages = {015004},
	author = {Savvas Varsamopoulos and Ben Criger and Koen Bertels},
	title = {Decoding small surface codes with feedforward neural networks},
	journal = {Quantum Science and Technology}
}

@article{bordoni2023,
       author = {Bordoni Simone and Giagu Stefano},
        title = {Convolutional neural network based decoders for surface codes},
      journal = {Quantum Information Processing},
         year = 2023,
        month = 3,
       volume = {22},
       number = {3},
        pages = {151},
          doi = {10.1007/s11128-023-03898-2},
        url = {https://doi.org/10.1007/s11128-023-03898-2}
}

@article{doi:10.1146/annurev-conmatphys-031119-050605,
author = {Kjaergaard, Morten and Schwartz, Mollie E. and Braum\"{u}ller, Jochen and Krantz, Philip and Wang, Joel I.-J. and Gustavsson, Simon and Oliver, William D.},
title = {Superconducting Qubits: Current State of Play},
journal = {Annual Review of Condensed Matter Physics},
volume = {11},
number = {1},
pages = {369-395},
year = {2020},
doi = {10.1146/annurev-conmatphys-031119-050605},
URL = {https://doi.org/10.1146/annurev-conmatphys-031119-050605},
eprint = {https://doi.org/10.1146/annurev-conmatphys-031119-050605}
}

@article{PRXQuantum.3.020301,
  title = {Quantum Crosstalk Analysis for Simultaneous Gate Operations on Superconducting Qubits},
  author = {Zhao, Peng and Linghu, Kehuan and Li, Zhiyuan and Xu, Peng and Wang, Ruixia and Xue, Guangming and Jin, Yirong and Yu, Haifeng},
  journal = {PRX Quantum},
  volume = {3},
  issue = {2},
  pages = {020301},
  numpages = {21},
  year = {2022},
  month = {4},
  publisher = {American Physical Society},
  doi = {10.1103/PRXQuantum.3.020301},
  url = {https://link.aps.org/doi/10.1103/PRXQuantum.3.020301}
}

@article{PhysRevB.104.045420,
  title = {Crosstalk analysis for single-qubit and two-qubit gates in spin qubit arrays},
  author = {Heinz, Irina and Burkard, Guido},
  journal = {Phys. Rev. B},
  volume = {104},
  issue = {4},
  pages = {045420},
  numpages = {9},
  year = {2021},
  month = {7},
  publisher = {American Physical Society},
  doi = {10.1103/PhysRevB.104.045420},
  url = {https://link.aps.org/doi/10.1103/PhysRevB.104.045420}
}

@INPROCEEDINGS{9355264,
  author={Patel, Tirthak and Potharaju, Abhay and Li, Baolin and Roy, Rohan Basu and Tiwari, Devesh},
  booktitle={SC20: International Conference for High Performance Computing, Networking, Storage and Analysis}, 
  title={Experimental Evaluation of NISQ Quantum Computers: Error Measurement, Characterization, and Implications}, 
  year={2020},
  pages={1-15},
  doi={10.1109/SC41405.2020.00050}
}

@article{Biamonte_2017,
	doi = {10.1038/nature23474},
	url = {https://doi.org/10.1038%2Fnature23474},
	year = 2017,
	month = {9},
	publisher = {Springer Science and Business Media {LLC}},
	volume = {549},
	number = {7671},
	pages = {195--202},
	author = {Jacob Biamonte and Peter Wittek and Nicola Pancotti and Patrick Rebentrost and Nathan Wiebe and Seth Lloyd},
	title = {Quantum machine learning},
	journal = {Nature}
}

@INPROCEEDINGS{8939749,
  author={Choi, Jaeho and Kim, Joongheon},
  booktitle={2019 International Conference on Information and Communication Technology Convergence (ICTC)}, 
  title={A Tutorial on Quantum Approximate Optimization Algorithm (QAOA): Fundamentals and Applications}, 
  year={2019},
  pages={138-142},
  doi={10.1109/ICTC46691.2019.8939749}}

@article{Cerezo_2021,
	doi = {10.1038/s42254-021-00348-9},
	url = {https://doi.org/10.1038%2Fs42254-021-00348-9},
	year = 2021,
	month = {8},
	publisher = {Springer Science and Business Media {LLC}},
	volume = {3},
	number = {9},
	pages = {625--644},
	author = {M. Cerezo and Andrew Arrasmith and Ryan Babbush and Simon C. Benjamin and Suguru Endo and Keisuke Fujii and Jarrod R. McClean and Kosuke Mitarai and Xiao Yuan and Lukasz Cincio and Patrick J. Coles},
	title = {Variational quantum algorithms},
	journal = {Nature Reviews Physics}
}

@misc{egger2023study,
      title={A study of the pulse-based variational quantum eigensolver on cross-resonance based hardware}, 
      author={Daniel J. Egger and Chiara Capecci and Bibek Pokharel and Panagiotis Kl. Barkoutsos and Laurin E. Fischer and Leonardo Guidoni and Ivano Tavernelli},
      year={2023},
      eprint={2303.02410},
      archivePrefix={arXiv},
      primaryClass={quant-ph},
}

@Article{particles6010016,
AUTHOR = {Bordoni, Simone and Stanev, Denis and Santantonio, Tommaso and Giagu, Stefano},
TITLE = {Long-Lived Particles Anomaly Detection with Parametrized Quantum Circuits},
JOURNAL = {Particles},
VOLUME = {6},
YEAR = {2023},
NUMBER = {1},
PAGES = {297--311},
URL = {https://www.mdpi.com/2571-712X/6/1/16},
ISSN = {2571-712X},
DOI = {10.3390/particles6010016}
}

@misc{Robbiati:2853183,
      author        = "Robbiati, Matteo and Cruz-Martinez, Juan M. and Carrazza,
                       Stefano",
      title         = "{Determining probability density functions with adiabatic
                       quantum computing}",
      archivePrefix = "arXiv",
      eprint        = "2303.11346",
      reportNumber  = "TIF-UNIMI-2023-9, CERN-TH-2023-042",
      year          = "2023",
      url           = "http://cds.cern.ch/record/2853183",
      note          = "7 pages, 3 figures",
}

@misc{robbiati2022quantum,
      title={A quantum analytical Adam descent through parameter shift rule using Qibo}, 
      author={Matteo Robbiati and Stavros Efthymiou and Andrea Pasquale and Stefano Carrazza},
      year={2022},
      eprint={2210.10787},
      archivePrefix={arXiv},
      primaryClass={quant-ph}
}

@misc{cruzmartinez2023multivariable,
      title={Multi-variable integration with a variational quantum circuit}, 
      author={Juan M. Cruz-Martinez and Matteo Robbiati and Stefano Carrazza},
      year={2023},
      eprint={2308.05657},
      archivePrefix={arXiv},
      primaryClass={quant-ph}
}

@book{sutton2018reinforcement,
  title={Reinforcement learning: An introduction},
  author={Sutton, Richard S and Barto, Andrew G},
  year={2018},
  publisher={MIT press}
}

@article{kaelbling1996reinforcement,
  title={Reinforcement learning: A survey},
  author={Kaelbling, Leslie Pack and Littman, Michael L and Moore, Andrew W},
  journal={Journal of artificial intelligence research},
  volume={4},
  pages={237--285},
  year={1996}
}

@article{wiering2012reinforcement,
  title={Reinforcement learning},
  author={Wiering, Marco A and Van Otterlo, Martijn},
  journal={Adaptation, learning, and optimization},
  volume={12},
  number={3},
  pages={729},
  year={2012},
  publisher={Springer}
}

@article{Cenedese_2023,
	doi = {10.3390/e25020324},
	url = {https://doi.org/10.3390%2Fe25020324},
	year = 2023,
	month = {2},
	publisher = {{MDPI} {AG}},
	volume = {25},
	number = {2},
	pages = {324},
	author = {Gabriele Cenedese and Giuliano Benenti and Maria Bondani},
	title = {Correcting Coherent Errors by Random Operation on Actual Quantum Hardware},
	journal = {Entropy}
}

@article{Greenbaum_2017,
	doi = {10.1088/2058-9565/aa9a06},
	url = {https://doi.org/10.1088%2F2058-9565%2Faa9a06},
	year = 2017,
	month = {12},
	publisher = {{IOP} Publishing},
	volume = {3},
	number = {1},
	pages = {015007},
	author = {Daniel Greenbaum and Zachary Dutton},
	title = {Modeling coherent errors in quantum error correction},
	journal = {Quantum Science and Technology}
}

@article{Venn_2023,
	doi = {10.1103/physrevlett.131.060603},
	url = {https://doi.org/10.1103%2Fphysrevlett.131.060603},
	year = 2023,
	month = {8},
	publisher = {American Physical Society ({APS})},
	volume = {131},
	number = {6},
	author = {Florian Venn and Jan Behrends and Benjamin B{\'{e}}ri},
	title = {Coherent-Error Threshold for Surface Codes from Majorana Delocalization},
	journal = {Physical Review Letters}
}

@article{Beale_2018,
	doi = {10.1103/physrevlett.121.190501},
	url = {https://doi.org/10.1103%2Fphysrevlett.121.190501},
	year = 2018,
	month = {11},
	publisher = {American Physical Society ({APS})},
	volume = {121},
	number = {19},
	author = {Stefanie J. Beale and Joel J. Wallman and Mauricio Guti{\'{e}}rrez and Kenneth R. Brown and Raymond Laflamme},
	title = {Quantum Error Correction Decoheres Noise},
	journal = {Physical Review Letters}
}

@article{Kern_2005,
	doi = {10.1140/epjd/e2004-00196-9},
	url = {https://doi.org/10.1140%2Fepjd%2Fe2004-00196-9},
	year = 2005,
	month = {1},
	publisher = {Springer Science and Business Media {LLC}},
	volume = {32},
	number = {1},
	pages = {153--156},
	author = {O. Kern and G. Alber and D. L. Shepelyansky},
	title = {Quantum error correction of coherent errors by randomization},
	journal = {The European Physical Journal D}
}

@article{Bravyi_2018,
	doi = {10.1038/s41534-018-0106-y},
	url = {https://doi.org/10.1038%2Fs41534-018-0106-y},
	year = 2018,
	month = {10},
	publisher = {Springer Science and Business Media {LLC}},
	volume = {4},
	number = {1},
	author = {Sergey Bravyi and Matthias Englbrecht and Robert König and Nolan Peard},
	title = {Correcting coherent errors with surface codes},
	journal = {npj Quantum Information}
}

@article{PhysRev.121.920,
  title = {Stochastic Dynamics of Quantum-Mechanical Systems},
  author = {Sudarshan, E. C. G. and Mathews, P. M. and Rau, Jayaseetha},
  journal = {Phys. Rev.},
  volume = {121},
  issue = {3},
  pages = {920--924},
  numpages = {0},
  year = {1961},
  month = {2},
  publisher = {American Physical Society},
  doi = {10.1103/PhysRev.121.920},
  url = {https://link.aps.org/doi/10.1103/PhysRev.121.920}
}

@book{nielsen_chuang_2010, 
place={Cambridge}, 
title={Quantum Computation and Quantum Information: 10th Anniversary Edition}, 
DOI={10.1017/CBO9780511976667}, 
publisher={Cambridge University Press}, 
author={Nielsen, Michael A. and Chuang, Isaac L.}, 
year={2010}
}

@inproceedings{10.1117/12.2017396,
author = {Yu. I. Bogdanov and A. Yu. Chernyavskiy and A. S. Holevo and V. F. Lukichev and A. A. Orlikovsky},
title = {{Mathematical models of quantum noise}},
volume = {8700},
booktitle = {International Conference Micro- and Nano-Electronics 2012},
editor = {Alexander A. Orlikovsky},
organization = {International Society for Optics and Photonics},
publisher = {SPIE},
pages = {870019},
keywords = {quantum operations, quantum noise,  modeling, quantum computers, quantum gates},
year = {2013},
doi = {10.1117/12.2017396},
URL = {https://doi.org/10.1117/12.2017396}
}

@misc{heinrich2023randomized,
      title={Randomized benchmarking with random quantum circuits}, 
      author={Markus Heinrich and Martin Kliesch and Ingo Roth},
      year={2023},
      eprint={2212.06181},
      archivePrefix={arXiv},
      primaryClass={quant-ph}
}

@article{Emerson_2005,
doi = {10.1088/1464-4266/7/10/021},
url = {https://dx.doi.org/10.1088/1464-4266/7/10/021},
year = {2005},
month = {9},
publisher = {},
volume = {7},
number = {10},
pages = {S347},
author = {Joseph Emerson and Robert Alicki and Karol Życzkowski},
title = {Scalable noise estimation with random unitary operators},
journal = {Journal of Optics B: Quantum and Semiclassical Optics},
}

@ARTICLE{2019npj,
       author = {{Helsen}, Jonas and {Xue}, Xiao and {Vandersypen}, Lieven M.~K. and {Wehner}, Stephanie},
        title = "{A new class of efficient randomized benchmarking protocols}",
      journal = {npj Quantum Information},
     keywords = {Quantum Physics},
         year = 2019,
        month = 8,
       volume = {5},
          eid = {71},
        pages = {71},
          doi = {10.1038/s41534-019-0182-7},
archivePrefix = {arXiv},
       eprint = {1806.02048},
 primaryClass = {quant-ph},
}

@incollection{PUTERMAN1990331,
title = {Chapter 8 Markov decision processes},
series = {Handbooks in Operations Research and Management Science},
publisher = {Elsevier},
volume = {2},
pages = {331-434},
year = {1990},
booktitle = {Stochastic Models},
issn = {0927-0507},
doi = {https://doi.org/10.1016/S0927-0507(05)80172-0},
url = {https://www.sciencedirect.com/science/article/pii/S0927050705801720},
author = {Martin L. Puterman},
}

@Inbook{Zou2009,
author="Zou, Jinming
and Han, Yi
and So, Sung-Sau",
title="Overview of Artificial Neural Networks",
bookTitle="Artificial Neural Networks: Methods and Applications",
year="2009",
publisher="Humana Press",
address="Totowa, NJ",
pages="14--22",
isbn="978-1-60327-101-1",
doi="10.1007/978-1-60327-101-1_2",
url="https://doi.org/10.1007/978-1-60327-101-1_2"
}

@Inbook{Rojas1996,
author="Rojas, Ra{\'u}l",
title="The Backpropagation Algorithm",
bookTitle="Neural Networks: A Systematic Introduction",
year="1996",
publisher="Springer Berlin Heidelberg",
address="Berlin, Heidelberg",
pages="149--182",
isbn="978-3-642-61068-4",
doi="10.1007/978-3-642-61068-4_7",
url="https://doi.org/10.1007/978-3-642-61068-4_7"
}

@misc{schulman2017proximal,
      title={Proximal Policy Optimization Algorithms}, 
      author={John Schulman and Filip Wolski and Prafulla Dhariwal and Alec Radford and Oleg Klimov},
      year={2017},
      eprint={1707.06347},
      archivePrefix={arXiv},
      primaryClass={cs.LG}
}

@Inbook{ozalp2020,
author="{\"O}zalp, Recep
and Varol, Nuri K{\"o}ksal
and Ta{\c{s}}ci, Burak
and U{\c{c}}ar, Ay{\c{s}}eg{\"u}l",
title="A Review of Deep Reinforcement Learning Algorithms and Comparative Results on Inverted Pendulum System",
bookTitle="Machine Learning Paradigms: Advances in Deep Learning-based Technological Applications",
year="2020",
publisher="Springer International Publishing",
address="Cham",
pages="237--256",
isbn="978-3-030-49724-8",
doi="10.1007/978-3-030-49724-8_10",
url="https://doi.org/10.1007/978-3-030-49724-8_10"
}

@article{JMLR:v22:20-1364,
  author  = {Antonin Raffin and Ashley Hill and Adam Gleave and Anssi Kanervisto and Maximilian Ernestus and Noah Dormann},
  title   = {Stable-Baselines3: Reliable Reinforcement Learning Implementations},
  journal = {Journal of Machine Learning Research},
  year    = {2021},
  volume  = {22},
  number  = {268},
  pages   = {1--8},
  url     = {http://jmlr.org/papers/v22/20-1364.html}
}

@misc{article_gym,
author = {Qiu, Anjie and Wang, Donglin and Partani, Sanket and Schotten, Hans},
year = {2023},
month = {03},
pages = {},
title = {Modern OpenAI Gym Simulation Platforms for Vehicular Ad-hoc Network Systems}
}

@incollection{NEURIPS2019_9015,
title = {PyTorch: An Imperative Style, High-Performance Deep Learning Library},
author = {Paszke, Adam and Gross, Sam and Massa, Francisco and Lerer, Adam and Bradbury, James and Chanan, Gregory and Killeen, Trevor and Lin, Zeming and Gimelshein, Natalia and Antiga, Luca and Desmaison, Alban and Kopf, Andreas and Yang, Edward and DeVito, Zachary and Raison, Martin and Tejani, Alykhan and Chilamkurthy, Sasank and Steiner, Benoit and Fang, Lu and Bai, Junjie and Chintala, Soumith},
booktitle = {Advances in Neural Information Processing Systems 32},
pages = {8024--8035},
year = {2019},
publisher = {Curran Associates, Inc.},
url = {http://papers.neurips.cc/paper/9015-pytorch-an-imperative-style-high-performance-deep-learning-library.pdf}
}

@article{article_model_realistic,
author = {Blank, Carsten and Park, Daniel and Rhee, J.-K and Petruccione, Francesco},
year = {2020},
month = {05},
pages = {41},
title = {Quantum classifier with tailored quantum kernel},
volume = {6},
journal = {npj Quantum Information},
doi = {10.1038/s41534-020-0272-6}
}

@article{Efthymiou_2021,
	doi = {10.1088/2058-9565/ac39f5},
	url = {https://doi.org/10.1088%2F2058-9565%2Fac39f5},
	year = 2021,
	month = {12},
	publisher = {{IOP} Publishing},
	volume = {7},
	number = {1},
	pages = {015018},
	author = {Stavros Efthymiou and Sergi Ramos-Calderer and Carlos Bravo-Prieto and Adri{\'{a}}n P{\'{e}}rez-Salinas and Diego Garc{\'{\i}}a-Mart{\'{\i}}n and Artur Garcia-Saez and Jos{\'{e}} Ignacio Latorre and Stefano Carrazza},
	title = {Qibo: a framework for quantum simulation with hardware acceleration},
	journal = {Quantum Science and Technology}
}

@article{PhysRevLett.109.120403,
  title = {Reliable Quantum State Tomography},
  author = {Christandl, Matthias and Renner, Renato},
  journal = {Phys. Rev. Lett.},
  volume = {109},
  issue = {12},
  pages = {120403},
  numpages = {6},
  year = {2012},
  month = {9},
  publisher = {American Physical Society},
  doi = {10.1103/PhysRevLett.109.120403},
  url = {https://link.aps.org/doi/10.1103/PhysRevLett.109.120403}
}

@article{PRXQuantum.2.010307,
  title = {Experimental Estimation of Quantum State Properties from Classical Shadows},
  author = {Struchalin, G.I. and Zagorovskii, Ya. A. and Kovlakov, E.V. and Straupe, S.S. and Kulik, S.P.},
  journal = {PRX Quantum},
  volume = {2},
  issue = {1},
  pages = {010307},
  numpages = {11},
  year = {2021},
  month = {1},
  publisher = {American Physical Society},
  doi = {10.1103/PRXQuantum.2.010307},
  url = {https://link.aps.org/doi/10.1103/PRXQuantum.2.010307}
}

@article{PRXQuantum.2.030348,
  title = {Robust Shadow Estimation},
  author = {Chen, Senrui and Yu, Wenjun and Zeng, Pei and Flammia, Steven T.},
  journal = {PRX Quantum},
  volume = {2},
  issue = {3},
  pages = {030348},
  numpages = {32},
  year = {2021},
  month = {9},
  publisher = {American Physical Society},
  doi = {10.1103/PRXQuantum.2.030348},
  url = {https://link.aps.org/doi/10.1103/PRXQuantum.2.030348}
}



@article{Eisert_2020,
	doi = {10.1038/s42254-020-0186-4},
	url = {https://doi.org/10.1038%2Fs42254-020-0186-4},
	year = 2020,
	month = {6},
	publisher = {Springer Science and Business Media {LLC}},
	volume = {2},
	number = {7},
	pages = {382--390},
	author = {Jens Eisert and Dominik Hangleiter and Nathan Walk and Ingo Roth and Damian Markham and Rhea Parekh and Ulysse Chabaud and Elham Kashefi},
	title = {Quantum certification and benchmarking},
	journal = {Nature Reviews Physics}
}

@article{Santos_2016,
	doi = {10.1590/1806-9126-rbef-2016-0155},
	url = {https://doi.org/10.1590%2F1806-9126-rbef-2016-0155},
	year = 2016,
	month = {9},
	publisher = {{FapUNIFESP} ({SciELO})},
	volume = {39},
	number = {1},
	author = {Alan C. Santos},
	title = {O Computador Qu{\^{a}}ntico da {IBM} e o {IBM} Quantum Experience},
	journal = {Revista Brasileira de Ensino de Fisica}
}

@article{PhysRevA.77.012307,
  title = {Randomized benchmarking of quantum gates},
  author = {Knill, E. and Leibfried, D. and Reichle, R. and Britton, J. and Blakestad, R. B. and Jost, J. D. and Langer, C. and Ozeri, R. and Seidelin, S. and Wineland, D. J.},
  journal = {Phys. Rev. A},
  volume = {77},
  issue = {1},
  pages = {012307},
  numpages = {7},
  year = {2008},
  month = {1},
  publisher = {American Physical Society},
  doi = {10.1103/PhysRevA.77.012307},
  url = {https://link.aps.org/doi/10.1103/PhysRevA.77.012307}
}

@article{GU2018354,
title = {Recent advances in convolutional neural networks},
journal = {Pattern Recognition},
volume = {77},
pages = {354-377},
year = {2018},
issn = {0031-3203},
doi = {https://doi.org/10.1016/j.patcog.2017.10.013},
url = {https://www.sciencedirect.com/science/article/pii/S0031320317304120},
author = {Jiuxiang Gu and Zhenhua Wang and Jason Kuen and Lianyang Ma and Amir Shahroudy and Bing Shuai and Ting Liu and Xingxing Wang and Gang Wang and Jianfei Cai and Tsuhan Chen},
keywords = {Convolutional neural network, Deep learning},
}

@article{Harper_2020,
	doi = {10.1038/s41567-020-0992-8},
	url = {https://doi.org/10.1038%2Fs41567-020-0992-8},
	year = 2020,
	month = {8},
	publisher = {Springer Science and Business Media {LLC}},
	volume = {16},
	number = {12},
	pages = {1184--1188},
	author = {Robin Harper and Steven T. Flammia and Joel J. Wallman},
	title = {Efficient learning of quantum noise},
	journal = {Nature Physics}
}

@article{
doi:10.1126/science.1231930,
author = {M. H. Devoret  and R. J. Schoelkopf },
title = {Superconducting Circuits for Quantum Information: An Outlook},
journal = {Science},
volume = {339},
number = {6124},
pages = {1169-1174},
year = {2013},
doi = {10.1126/science.1231930},
URL = {https://www.science.org/doi/abs/10.1126/science.1231930},
eprint = {https://www.science.org/doi/pdf/10.1126/science.1231930},
}

@INPROCEEDINGS{9259930,
  author={Wilson, Ellis and Singh, Sudhakar and Mueller, Frank},
  booktitle={2020 IEEE International Conference on Quantum Computing and Engineering (QCE)}, 
  title={Just-in-time Quantum Circuit Transpilation Reduces Noise}, 
  year={2020},
  volume={},
  number={},
  pages={345-355},
  doi={10.1109/QCE49297.2020.00050}}